@book{bmbg,
  title={{Biochemistry, molecular biology, and genetics. — 6th edition}},
  author={Lieberman, Michael},
  isbn={978-1-4511-7536-3},
  year={2014},
  publisher={Lippincott Williams \& Wilkins, a Wolters Kluwer business},
  address = {351 West Camden Street,
Baltimore, MD 21201, Two Commerce Square,
2001 Market Street,
Philadelphia, PA 19103}
}

@book{lippincott,
  title={{Lippincott Illustrated Reviews: Biochemistry, 5th edition}},
  author={Richard A. Harvey,Denise R. Ferrier},
  isbn={978-1-60831-412-6},
  year={2011},
  publisher={Lippincott Williams \& Wilkins, a Wolters Kluwer business},
  address = {351 West Camden Street,
Baltimore, MD 21201, Two Commerce Square,
2001 Market Street,
Philadelphia, PA 19103}
}

@book{flash,
	title = {{Lippincott's Illustrated Reviews Flash Cards}},
	author = {Denise R. Ferrier, Bradford A. Jameson},
	year = {2015},
	isbn = {978-1-4511-9111-0},
  	publisher = {Wolters Kluwer Health},
  	address = {2001 Market Street, Philadelphia, PA 19103}
}

@book{biopathways,
  title={{Biochemical Pathways: An Atlas of Biochemistry and Molecular Biology}},
  author={Dietmar Schomburg, Gerhard Michal},
  isbn={9780470146842},
  year={2012},
  publisher={John Wiley \& Sons, Inc.},
  address = {Hoboken, New Jersey}
}

@book{spasic,
	title = {{Opšta biohemija}},
	author = {Slavica Spasić, Zorana Jelić-lvanović, Vesna Spasojević-Kalimanovska},
	year = {2002}
}

@book{medbio,
  title={{Štrausova medicinska biokemija}},
  author={Dubravka Čvorišćec, Ivana Čepelak},
  year={2009},
  publisher={Medicinska naklada}
}

@book{laski2009software,
  title={{Software Verification and Analysis}},
  author={Laski, J. and Stanley, W.},
  isbn={9781848822405},
  url={http://books.google.rs/books?id=5hFnaDQ1jiAC},
  year={2009},
  publisher={Springer-Verlag},
  address = {London}
}

@misc{gcc,
title = {{GNU gcc}},
note = {on-line at: \url{http://gcc.gnu.org/}},
    author = {Free Software Foundation},
    year = {2013}
}


@article{haltingproblem,
    author = {Turing, A. M.},
    citeulike-article-id = {155758},
    journal = {Proceedings of the London Mathematical Society},
    keywords = {computability, entscheidungsproblem, turing},
    number = {42},
    pages = {230--265},
    posted-at = {2005-04-08 18:11:59},
    priority = {0},
    title = {{On Computable Numbers, with an application to the Entscheidungsproblem}},
    volume = {2},
    year = {1936}
}

