% ----------- ----------- ----------- ----------- -----------
% Una
% ----------- ----------- ----------- ----------- -----------
@book{bmbg,
  title={{Biochemistry, molecular biology, and genetics. — 6th edition}},
  author={Lieberman, Michael},
  isbn={978-1-4511-7536-3},
  year={2014},
  publisher={Lippincott Williams \& Wilkins, a Wolters Kluwer business},
  address = {351 West Camden Street,
Baltimore, MD 21201, Two Commerce Square,
2001 Market Street,
Philadelphia, PA 19103}
}

@book{lippincott,
  title={{Lippincott Illustrated Reviews: Biochemistry, 5th edition}},
  author={Richard A. Harvey,Denise R. Ferrier},
  isbn={978-1-60831-412-6},
  year={2011},
  publisher={Lippincott Williams \& Wilkins, a Wolters Kluwer business},
  address = {351 West Camden Street,
Baltimore, MD 21201, Two Commerce Square,
2001 Market Street,
Philadelphia, PA 19103}
}

@book{flash,
	title = {{Lippincott's Illustrated Reviews Flash Cards}},
	author = {Denise R. Ferrier, Bradford A. Jameson},
	year = {2015},
	isbn = {978-1-4511-9111-0},
  	publisher = {Wolters Kluwer Health},
  	address = {2001 Market Street, Philadelphia, PA 19103}
}

@book{biopathways,
  title={{Biochemical Pathways: An Atlas of Biochemistry and Molecular Biology}},
  author={Dietmar Schomburg, Gerhard Michal},
  isbn={9780470146842},
  year={2012},
  publisher={John Wiley \& Sons, Inc.},
  address = {Hoboken, New Jersey}
}

@book{spasic,
	title = {{Opšta biohemija}},
	author = {Slavica Spasić, Zorana Jelić-lvanović, Vesna Spasojević-Kalimanovska},
	year = {2002}
}

@book{medbio,
  title={{Štrausova medicinska biokemija}},
  author={Dubravka Čvorišćec, Ivana Čepelak},
  year={2009},
  publisher={Medicinska naklada}
}

@misc{JKd,
title = {{Strukturna predikcija funkcije proteina i odnos funkcionalnih kategorija proteina i njihove neuređenosti}},
note = {on-line na: \url{http://www.math.rs/files/DoktoratJK2015.pdf}},
    author = {Jovana Kovačević},
    year = {2015}
}

@misc{MarijaJ,
title = {{Povezanost dužine epitopa i uređenostidelova proteina}},
note = {on-line na: \url{http://elibrary.matf.bg.ac.rs/bitstream/handle/123456789/2428/Marija%20Jelicic%20-%20Master%20rad.
pdf?sequence=1}},
    author = {Marija Jeličić},
    year = {2012}
}

% Yu Feng, Xiaoyun Wang, Jing Li, Wen Liu,Li Rong,Jinku Bao 
@misc{IDPsOverview,
title = {{An Overview of Predictors for Intrinsically Disordered Proteins
over 2010–2014}},
note = {on-line na: \url{https://pdfs.semanticscholar.org/fe63/f820910de797705127ab2f490c9316c2ed8e.pdf}},
    author = {Jianzong Li et al.},
    year = {2015}
}

@misc{Vinterhalter,
title = {{Bioinformatička analiza povezanosti
funkcije i neuređenosti
proteina}},
note = {on-line na: \url{http://www.racunarstvo.matf.bg.ac.rs/MasterRadovi/2017_08_23_Goran_Vinterhalter/rad.pdf}},
    author = {Goran Vinterhalter},
    year = {2018}
}

%A.Keith Dunker, J.David Lawson, Celeste J Brown, Ryan M Williams, Pedro
%Romero, Jeong S Oh, Christopher J Oldfield, Andrew M Campen, Catherine M
%Ratliff, Kerry W Hipps, Juan Ausio, Mark S Nissen, Raymond Reeves, Chul-
%Hee Kang, Charles R Kissinger, Robert W Bailey, Michael D Griswold, Wah
%Chiu, Ethan C Garner, and Zoran Obradovic

@misc{IDP,
title = {{Intrinsically disordered protein}},
note = {on-line na: \url{https://doi.org/10.1016/s1093-3263(00)00138-8}},
    author = {A.Keith Dunker et al.},
    year = {2001}
}

@misc{IDPIDPr,
title = {{Intrinsically Disordered Proteins and Intrinsically Disordered Protein Regions}},
note = {on-line na: \url{https://doi.org/10.1146/annurev-biochem-072711-164947}},
    author = {Christopher J. Oldfield, A. Keith Dunker},
    year = {2014}
}



@misc{DPC,
title = {{Dancing Protein Clouds: The Strange Biology and Chaotic Physics of Intrinsically Disordered Proteins}},
note = {on-line na: \url{https://doi.org/10.1074/jbc.r115.685859}},
    author = {Vladimir N. Uversky},
    year = {2016}
}

%Ferron, F.; Longhi, S.; Canard, B.; Karlin, D. A practical overview of protein disorder prediction
%methods. Proteins 2006, 65, 1–14. 